% This file was created with JabRef 2.10.
% Encoding: Cp1252


@MastersThesis{AFJ,
  Title                    = {{Assignment Featherweight Java}: Bringing Mutable State to {Featherweight Java}},
  Author                   = {Thomas Molhave and Lars H. Petersen},
  School                   = {University of Aarhus},
  Year                     = {2005},

  Owner                    = {Peter C. Chapin},
  Timestamp                = {2013-07-17}
}

